<?xml version="1.0" encoding="UTF-8"?><collection xmlns="http://www.loc.gov/MARC21/slim"><record><leader>00298nam--2200121-i-4500</leader><controlfield tag="001">000031131</controlfield><controlfield tag="002">20161230</controlfield><controlfield tag="005">20161230201038</controlfield><controlfield tag="008">060222s1000------------r-----000-0-eng-d</controlfield><datafield ind1=" " ind2=" " tag="080"><subfield code="a">62(021)</subfield></datafield><datafield ind1=" " ind2=" " tag="245"><subfield code="a">Manualul inginerului.vol.2</subfield></datafield><datafield ind1=" " ind2=" " tag="260"><subfield code="a">Bucuresti, Editura Tehnica, 1954-1955, 1166p</subfield></datafield><datafield ind1=" " ind2=" " tag="852"><subfield code="a">3662</subfield></datafield></record></collection>